<?xml version="1.0" encoding="UTF-8"?><collection xmlns="http://www.loc.gov/MARC21/slim"><record><leader>00375nam--2200121-i-4500</leader><controlfield tag="001">000045261</controlfield><controlfield tag="002">20161230</controlfield><controlfield tag="005">20161230201044</controlfield><controlfield tag="008">060222s1000------------r-----000-0-eng-d</controlfield><datafield ind1=" " ind2=" " tag="080"><subfield code="a">530.1</subfield></datafield><datafield ind1=" " ind2=" " tag="245"><subfield code="a">Topics in theoretical physics. vol.1. a volume dedicated to serban titeica at his 70th anniversary</subfield></datafield><datafield ind1=" " ind2=" " tag="260"><subfield code="a">Bucuresti, Central Instiute Of Physics, 1978, 333p</subfield></datafield><datafield ind1=" " ind2=" " tag="852"><subfield code="a">45270</subfield></datafield></record></collection>